@book{bohr1998nuclear,
  title={Nuclear Structure (In 2 Volumes)},
  author={Bohr, Aage Niels and Mottelson, Ben R},
  year={1998},
  publisher={World Scientific Publishing Company}
}
@article{nilsson1955mat,
  title={Mat Fys Medd Dan},
  author={Nilsson, Sven G{\"o}sta},
  journal={Vid. Selsk},
  volume={29},
  pages={16},
  year={1955}
}
@article{raduta2020new,
  title={New approach for the wobbling motion in the even-odd isotopes Lu 161, 163, 165, 167},
  author={Raduta, AA and Poenaru, R and Raduta, CM},
  journal={Physical Review C},
  volume={101},
  number={1},
  pages={014302},
  year={2020},
  publisher={APS}
}